<?xml version="1.0" encoding="UTF-8"?><collection xmlns="http://www.loc.gov/MARC21/slim"><record><leader>00387nam--2200157-i-4500</leader><controlfield tag="001">000003669</controlfield><controlfield tag="002">20161230</controlfield><controlfield tag="005">20170220002942</controlfield><controlfield tag="008">060222s1000------------r-----000-0-eng-d</controlfield><datafield ind1=" " ind2=" " tag="100"><subfield code="a">Csapo, Stefa</subfield></datafield><datafield ind1=" " ind2=" " tag="245"><subfield code="a">Normarea timpilor de lucru la forja</subfield></datafield><datafield ind1=" " ind2=" " tag="260"><subfield code="a">Bucuresti</subfield><subfield code="b">Editura Tehnica</subfield><subfield code="c">1951</subfield></datafield><datafield ind1=" " ind2=" " tag="300"><subfield code="a">479 p</subfield></datafield><datafield ind1=" " ind2=" " tag="700"><subfield code="a">Giologau, M</subfield></datafield><datafield ind1=" " ind2=" " tag="852"><subfield code="a">631</subfield></datafield><datafield ind1=" " ind2=" " tag="CAT"><subfield code="a">SYS</subfield><subfield code="c">20170220</subfield><subfield code="h">002942</subfield></datafield></record></collection>